<?xml version="1.0" encoding="UTF-8"?><collection xmlns="http://www.loc.gov/MARC21/slim"><record><leader>00369nam--2200145-i-4500</leader><controlfield tag="001">000004593</controlfield><controlfield tag="002">20161230</controlfield><controlfield tag="005">20170304204806</controlfield><controlfield tag="008">060222s1000------------r-----000-0-eng-d</controlfield><datafield ind1=" " ind2=" " tag="100"><subfield code="a">Dallaporta, N</subfield></datafield><datafield ind1=" " ind2=" " tag="245"><subfield code="a">On the dirac equation for baryons</subfield></datafield><datafield ind1=" " ind2=" " tag="260"><subfield code="a">Padova</subfield><subfield code="b">Inst.Di Fisica Dell Universita</subfield></datafield><datafield ind1=" " ind2=" " tag="300"><subfield code="a">10 p</subfield></datafield><datafield ind1=" " ind2=" " tag="700"><subfield code="a">Toyoda, T</subfield></datafield><datafield ind1=" " ind2=" " tag="CAT"><subfield code="a">SYS</subfield><subfield code="c">20170304</subfield><subfield code="h">204806</subfield></datafield></record></collection>